@book{williams1991probability,
  title={Probability with Martingales},
  author={Williams, D.},
  isbn={9780521406055},
  lccn={gb90046351},
  series={Cambridge mathematical textbooks},
  url={https://books.google.com/books?id=e9saZ0YSi-AC},
  year={1991},
  publisher={Cambridge University Press}
}

@book{borodin_olshanski_2016, place={Cambridge}, series={Cambridge Studies in Advanced Mathematics}, title={Representations of the Infinite Symmetric Group}, DOI={10.1017/CBO9781316798577}, publisher={Cambridge University Press}, author={Borodin, Alexei and Olshanski, Grigori}, year={2016}, collection={Cambridge Studies in Advanced Mathematics}}

@article{https://doi.org/10.48550/arxiv.1109.1412,
  doi = {10.48550/ARXIV.1109.1412},
  
  url = {https://arxiv.org/abs/1109.1412},
  
  author = {Borodin, Alexei and Olshanski, Grigori},
  
  keywords = {Combinatorics (math.CO), Probability (math.PR), Representation Theory (math.RT), FOS: Mathematics, FOS: Mathematics},
  
  title = {The boundary of the Gelfand-Tsetlin graph: A new approach},
  
  publisher = {arXiv},
  
  year = {2011},
  
  copyright = {arXiv.org perpetual, non-exclusive license}
}

@misc{https://doi.org/10.48550/arxiv.math/0309074,
  doi = {10.48550/ARXIV.MATH/0309074},
  
  url = {https://arxiv.org/abs/math/0309074},
  
  author = {Okounkov, Andrei},
  
  keywords = {Combinatorics (math.CO), Mathematical Physics (math-ph), FOS: Mathematics, FOS: Mathematics, FOS: Physical sciences, FOS: Physical sciences},
  
  title = {Symmetric functions and random partitions},
  
  publisher = {arXiv},
  
  year = {2003},
  
  copyright = {Assumed arXiv.org perpetual, non-exclusive license to distribute this article for submissions made before January 2004}
}

@misc{https://doi.org/10.48550/arxiv.1106.1596,
  doi = {10.48550/ARXIV.1106.1596},
  
  url = {https://arxiv.org/abs/1106.1596},
  
  author = {Corwin, Ivan},
  
  keywords = {Probability (math.PR), Disordered Systems and Neural Networks (cond-mat.dis-nn), Statistical Mechanics (cond-mat.stat-mech), Mathematical Physics (math-ph), FOS: Mathematics, FOS: Mathematics, FOS: Physical sciences, FOS: Physical sciences},
  
  title = {The Kardar-Parisi-Zhang equation and universality class},
  
  publisher = {arXiv},
  
  year = {2011},
  
  copyright = {arXiv.org perpetual, non-exclusive license}
}

@book{macdonald1998symmetric,
  title={Symmetric Functions and Hall Polynomials},
  author={Macdonald, I.G.},
  isbn={9780198504504},
  lccn={94027392},
  series={Oxford classic texts in the physical sciences},
  url={https://books.google.com/books?id=srv90XiUbZoC},
  year={1998},
  publisher={Clarendon Press}
}

@misc{https://doi.org/10.48550/arxiv.1202.3901,
  doi = {10.48550/ARXIV.1202.3901},
  
  url = {https://arxiv.org/abs/1202.3901},
  
  author = {Petrov, Leonid},
  
  keywords = {Probability (math.PR), Mathematical Physics (math-ph), Combinatorics (math.CO), FOS: Mathematics, FOS: Mathematics, FOS: Physical sciences, FOS: Physical sciences, 60C05, 60G55},
  
  title = {Asymptotics of Random Lozenge Tilings via Gelfand-Tsetlin Schemes},
  
  publisher = {arXiv},
  
  year = {2012},
  
  copyright = {arXiv.org perpetual, non-exclusive license}
}

@article{https://doi.org/10.48550/arxiv.1310.8007,
  doi = {10.48550/ARXIV.1310.8007},
  
  url = {https://arxiv.org/abs/1310.8007},
  
  author = {Borodin, Alexei and Petrov, Leonid},
  
  keywords = {Probability (math.PR), Statistical Mechanics (cond-mat.stat-mech), Mathematical Physics (math-ph), Combinatorics (math.CO), Representation Theory (math.RT), FOS: Mathematics, FOS: Mathematics, FOS: Physical sciences, FOS: Physical sciences},
  
  title = {Integrable probability: From representation theory to Macdonald processes},
  
  publisher = {arXiv},
  
  year = {2013},
  
  copyright = {arXiv.org perpetual, non-exclusive license}
}

